@article{A11,
author = {FirstNameInitial  MiddleNameInitial LastName},
journal = {Name of the Journal},
title = {Title of the paper},
volume = {Volume },
year = {Year},
pages = { StaringPage--EndingPage},
}