
@article{gardner_definition_2022,
  title    = {Definition modeling: literature review and dataset analysis},
  journal  = {Applied Computing and Intelligence},
  volume   = {2},
  number   = {1},
  pages    = {83-98},
  year     = {2022},
  issn     = {2771-392X},
  doi      = {10.3934/aci.2022005},
  url      = {https://www.aimspress.com/article/doi/10.3934/aci.2022005},
  author   = {Noah Gardner and Hafiz Khan and Chih-Cheng Hung},
  keywords = {definition modeling, definition generation, natural language processing, word embeddings}
}
