@article{DBLP:journals_corr_abs-1908-02477,
  author    = {Carlo Meloni and
               Shauli Ravfogel and
               Yoav Goldberg},
  title     = {Ab Antiquo: Proto-language Reconstruction with RNNs},
  journal   = {CoRR},
  volume    = {abs/1908.02477},
  year      = {2019},
  url       = {http://arxiv.org/abs/1908.02477},
  eprinttype = {arXiv},
  eprint    = {1908.02477},
  timestamp = {Sat, 23 Jan 2021 01:11:13 +0100},
  biburl    = {https://dblp.org/rec/journals/corr/abs-1908-02477.bib},
  bibsource = {dblp computer science bibliography, https://dblp.org}
}

@inproceedings{kaneko_dictionary_2021,
  address   = {Online},
  title     = {Dictionary-based {Debiasing} of
               {Pre}-trained {Word} {Embeddings}},
  url       = {https://aclanthology.org/2021.eacl-main.16},
  doi       = {10.18653/v1/2021.eacl-main.16},
  language  = {en},
  urldate   = {2022-01-18},
  booktitle = {Proceedings of the 16th {Conference} of the {European} {Chapter}
               of the {Association} for {Computational} {Linguistics}: {Main}
               {Volume}},
  publisher = {Association for Computational Linguistics},
  author    = {Kaneko,
               Masahiro and Bollegala, Danushka},
  year      = {2021},
  pages     = {212--223}
}